<record xmlns="http://www.loc.gov/MARC21/slim" xmlns:xsi="http://www.w3.org/2001/XMLSchema-instance" xsi:schemaLocation="http://www.loc.gov/MARC21/slim http://www.loc.gov/standards/marcxml/schema/MARC21slim.xsd"><leader>02719cz   2200553n  4500</leader><controlfield tag="001">oca00115748 </controlfield><controlfield tag="003">OCoLC</controlfield><controlfield tag="005">20051021144852.0</controlfield><controlfield tag="008">810212n| acannaabn          |a aaa      </controlfield><datafield ind1=" " ind2=" " tag="010"><subfield code="a">n  50082276 </subfield><subfield code="z">n  92035643 </subfield></datafield><datafield ind1=" " ind2=" " tag="035"><subfield code="a">(OCoLC)oca00115748</subfield></datafield><datafield ind1=" " ind2=" " tag="040"><subfield code="a">DLC</subfield><subfield code="c">DLC</subfield><subfield code="d">DLC</subfield><subfield code="d">NjP</subfield><subfield code="d">DLC</subfield><subfield code="d">InU</subfield><subfield code="d">DLC</subfield></datafield><datafield ind1=" " ind2="0" tag="053"><subfield code="a">PA3998.G73</subfield></datafield><datafield ind1="0" ind2=" " tag="100"><subfield code="a">Gregory,</subfield><subfield code="c">of Nazianzus, Saint</subfield></datafield><datafield ind1="0" ind2=" " tag="400"><subfield code="a">GrigoriiÌ&#x86;,</subfield><subfield code="c">Bogoslov, Saint</subfield></datafield><datafield ind1="0" ind2=" " tag="400"><subfield code="w">nnaa</subfield><subfield code="a">Gregorius Nazianzenus,</subfield><subfield code="c">Saint, Patriarch of Constantinople</subfield></datafield><datafield ind1="0" ind2=" " tag="400"><subfield code="a">Gregorius,</subfield><subfield code="c">Nazianzenus, Saint</subfield></datafield><datafield ind1="1" ind2=" " tag="400"><subfield code="a">Nazianzen, GrigoriiÌ&#x86;,</subfield><subfield code="c">Saint</subfield></datafield><datafield ind1="0" ind2=" " tag="400"><subfield code="a">GreÌ&#x84;gorios,</subfield><subfield code="c">ho Theologos, Saint</subfield></datafield><datafield ind1="1" ind2=" " tag="400"><subfield code="a">Nazianzus, Gregory of,</subfield><subfield code="c">Saint</subfield></datafield><datafield ind1="0" ind2=" " tag="400"><subfield code="a">GreÌ&#x81;goire,</subfield><subfield code="c">de Nazianze, Saint</subfield></datafield><datafield ind1="1" ind2=" " tag="400"><subfield code="a">Nazianzenus, Gregorius,</subfield><subfield code="c">Saint</subfield></datafield><datafield ind1="0" ind2=" " tag="400"><subfield code="a">Gregorios,</subfield><subfield code="c">NazianzeÌ&#x84;nos, Saint</subfield></datafield><datafield ind1="0" ind2=" " tag="400"><subfield code="a">Gregor,</subfield><subfield code="c">von Nazianz, Saint</subfield></datafield><datafield ind1="1" ind2=" " tag="400"><subfield code="a">Nazianz, Gregor von,</subfield><subfield code="c">Saint</subfield></datafield><datafield ind1="0" ind2=" " tag="400"><subfield code="a">Gregorio,</subfield><subfield code="c">di Nazianzo, Saint</subfield></datafield><datafield ind1="0" ind2=" " tag="400"><subfield code="a">Gregory,</subfield><subfield code="c">the Theologian, Saint</subfield></datafield><datafield ind1="0" ind2=" " tag="400"><subfield code="a">Grigol,</subfield><subfield code="c">Nazianzeli, Saint</subfield></datafield><datafield ind1="0" ind2=" " tag="400"><subfield code="a">Gregorio Nazianzeno,</subfield><subfield code="c">Saint</subfield></datafield><datafield ind1="0" ind2=" " tag="400"><subfield code="a">Gregory Nazianzen,</subfield><subfield code="c">Saint</subfield></datafield><datafield ind1="0" ind2=" " tag="400"><subfield code="a">Grigorie,</subfield><subfield code="c">Teologul, Saint</subfield></datafield><datafield ind1="0" ind2=" " tag="400"><subfield code="a">SfaÌ&#x82;ntul Grigorie,</subfield><subfield code="c">Saint</subfield></datafield><datafield ind1="0" ind2=" " tag="400"><subfield code="a">GrigoriiÌ&#x86; Bogoslov,</subfield><subfield code="c">Sviï¸&#160;aï¸¡titelÊ¹</subfield></datafield><datafield ind1="1" ind2=" " tag="400"><subfield code="a">Bogoslov, GrigoriiÌ&#x86;,</subfield><subfield code="c">Sviï¸&#160;aï¸¡titelÊ¹</subfield></datafield><datafield ind1="1" ind2=" " tag="400"><subfield code="a">Bogoslov, Grigorije</subfield><subfield code="c">Sveti</subfield></datafield><datafield ind1="0" ind2=" " tag="400"><subfield code="a">IghriÌ&#x84;ghuÌ&#x84;riyuÌ&#x84;s,</subfield><subfield code="c">ThaÌ&#x84;Ê¼uluÌ&#x84;ghus, QiddiÌ&#x84;s</subfield></datafield><datafield ind1=" " ind2=" " tag="670"><subfield code="a">Five theological orations ... 1899.</subfield></datafield><datafield ind1=" " ind2=" " tag="670"><subfield code="a">His Briefe, 1981:</subfield><subfield code="b">t.p. (Gregor von Nazianz)</subfield></datafield><datafield ind1=" " ind2=" " tag="670"><subfield code="a">Encycl. Brit.</subfield><subfield code="b">(Gregory of Nazianzus, Saint)</subfield></datafield><datafield ind1=" " ind2=" " tag="670"><subfield code="a">New Cath. encycl.</subfield><subfield code="b">(Gregory of Nazianzus, St.)</subfield></datafield><datafield ind1=" " ind2=" " tag="670"><subfield code="a">Zhitiiï¸&#160;aï¸¡ sviï¸&#160;aï¸¡tykh na russkom iï¸&#160;aï¸¡zyke. English. Selections. The three hierarchs, 1985:</subfield><subfield code="b">t.p. verso (St. Gregory the Theologian)</subfield></datafield><datafield ind1=" " ind2=" " tag="670"><subfield code="a">Grigol Nazianzelis tÊ»xzulebatÊ»a sÌ&#x8c;emcÊ»vel kÊ»artÊ»ul ... 1988.</subfield></datafield><datafield ind1=" " ind2=" " tag="670"><subfield code="a">His Poesie, c1994- :</subfield><subfield code="b">v. 1, t.p. (Gregorio Nazianzeno)</subfield></datafield><datafield ind1=" " ind2=" " tag="670"><subfield code="a">Bouyer, L. Hist. of Chrn. spirituality, 1963- :</subfield><subfield code="b">v. 1, p. 341, etc. (Gregory Nazianzen)</subfield></datafield><datafield ind1=" " ind2=" " tag="670"><subfield code="a">Opera exegeticaÌ&#x86; a SfaÌ&#x82;ntului Maxim MaÌ&#x86;rturisitorul, 1998:</subfield><subfield code="b">t.p. ( ... sfintÌ¦ilor ... Grigorie Teologul) p. 9-11 (SfaÌ&#x82;ntul Grigorie Teologul; b. probably in 329, in Arianz, d. 389-390; SfaÌ&#x82;ntul Grigorie)</subfield></datafield><datafield ind1=" " ind2=" " tag="670"><subfield code="a">Pesnopeniiï¸&#160;aï¸¡ taiÌ&#x86;nstvennye, 2000:</subfield><subfield code="b">t.p. (Sviï¸&#160;aï¸¡titelÊ¹ GrigoriiÌ&#x86; Bogoslov)</subfield></datafield><datafield ind1=" " ind2=" " tag="670"><subfield code="a">MayaÌ&#x84;mir al-QiddiÌ&#x84;s IghriÌ&#x84;ghuÌ&#x84;riyuÌ&#x84;s al-naÌ&#x84;tÌ£iq bi-al-ilaÌ&#x84;hiÌ&#x84;yaÌ&#x84;t, 2004:</subfield><subfield code="b">v. 1, p. 7 (al-QiddiÌ&#x84;s IghriÌ&#x84;ghuÌ&#x84;riyuÌ&#x84;s al-ThaÌ&#x84;Ê¼uluÌ&#x84;ghus)</subfield></datafield><datafield ind1=" " ind2=" " tag="670"><subfield code="a">PraznicÌ&#x8c;ne besede, 2001:</subfield><subfield code="b">t.p. (Sveti Grigorije Bogoslov, Arhiepiskop Carigradski)</subfield></datafield><datafield ind1=" " ind2=" " tag="678"><subfield code="a">b. ca. 329;</subfield><subfield code="a">d. 389 or 390</subfield></datafield></record>